<?xml version="1.0" encoding="UTF-8"?><collection xmlns="http://www.loc.gov/MARC21/slim"><record><leader>00376nam--2200121-i-4500</leader><controlfield tag="001">000036203</controlfield><controlfield tag="002">20161230</controlfield><controlfield tag="005">20161230201040</controlfield><controlfield tag="008">060222s1000------------r-----000-0-eng-d</controlfield><datafield ind1=" " ind2=" " tag="100"><subfield code="a">Oates,J.A</subfield></datafield><datafield ind1=" " ind2=" " tag="245"><subfield code="a">Automation in production engineering. a practical guide to automatic production and gauging in machine shops</subfield></datafield><datafield ind1=" " ind2=" " tag="260"><subfield code="a">London, George Newnes, 1958. Vii+326p</subfield></datafield><datafield ind1=" " ind2=" " tag="852"><subfield code="a">14814</subfield></datafield></record></collection>